@book {SahlDigi2013a,
  author    = "Sahle, Patrick",
  title     = "Digitale Editionsformen. Teil 1: Teil 1: Das typografische Erbe.",
  publisher = "BoD",
  address   = "Norderstedt",
  year      = "2013",
  volume    = "1",
  url       = "http://kups.ub.uni-koeln.de/id/eprint/5011",
  language  = "ger",
}

@book {SahlDigi2013b,
  author    = "Sahle, Patrick",
  title     = "Digitale Editionsformen. Teil 2: Befunde, Theorie und Methodik.",
  publisher = "BoD",
  address   = "Norderstedt",
  year      = "2013",
  volume    = "2",
  url       = "http://kups.ub.uni-koeln.de/id/eprint/5012",
  language  = "ger",
}

@incollection{sahle2016,
  author    = {Sahle, Patrick},
  title     = {What is a Scholarly Digital Edition?},
  booktitle = {Digital Scholarly Editing: Theories and Practices},
  editor    = {Driscoll, Matthew James and Pierazzo, Elena},
  publisher = {Open Book Publishers},
  year      = {2016},
  volume    = {4},
  pages     = {19-40},
  url       = {http://www.jstor.org/stable/j.ctt1fzhh6v},
  urldate   = {2025-03-18},
  isbn      = {9781783742387}
}

@book {heiles,
author    = "Heiles, Marco",
edition   = "1. Aufl",
publisher = "Böhlau Verlag Köln",
address   = "Göttingen",
title     = "Das Losbuch",
isbn      = "9783412509040 (print)",
url       = "https://doi.org/10.7788/9783412510442",
language  = "ger",
year      = "2018",
pages     = "Online-Ressource (574 S.)"
}

@article {cugliana,
author    = "Elisa Cugliana and Sebastian Enns and Andreas Kuczera",
title     = "›Sortes Dictae Sunt‹. Methods for Editing Mediaeval Books of Fortune",
year="2024",
issn      = "2510-1358",
doi       = "https://doi.org/10.17175/2024_005",
keywords  = "fachartikel ; losbuch ; graphdatenbank ; digitale edition ; altgermanistik ; konzeptionelle modellierung ; Language and Literature ; History of scholarship and learning. The humanities ; AZ20-999 ; fachartikel",
note      = "Datenquelle: Directory of Open Access Journals; Collection: LCC:Language and Literature ; LCC:History of scholarship and learning. The humanities; File Description: electronic resource; Relation: https://doaj.org/toc/2510-1358",
url       = "https://search.ebscohost.com/login.aspx?direct=true&site=eds-live&db=edsdoj&AN=edsdoj.83030d6a40d148d8bc9bca559fca8e2b",
language  = "German",
journal   = "Zeitschrift f{\"u}r digitale Geisteswissenschaften",
volume    = "9"}
      

     

